@articel{dataIsOil,
  title={The world’s most valuable resource is no longer oil, but data},
  journal={The Economist},
  year={2017},
  month = {5}
}

@articel{KimbalVSInmon,
    title       = {Data Warehousing Battle of the Giants: Comparing the Basics of the Kimball and Inmon Models}, author      = {Mary Breslin},
    journal     = {BUSINESS INTELLIGENCE JOURNAL},
    year        = {2004},
    pages       = {6-20}
}

@articel{dataCleansing,
    title   = {Data 101: What is Data Harmonization?},
    journal = {datorama},
    year    = {2017},
    month   = {4},
    author  = {Lucas Stewart}
}

@INPROCEEDINGS{mircorVSsoa,
    title   = {Contextual Understanding of Microservice Architecture: Current and Future Directions},
    authors = {T. {Cerny} and M.J.{Donahoo} and M. {Trnka}},
    journal = {APPLIED COMPUTING REVIEW},
    year    = {2017},
    month   = {12},
    volume  = {17}, 
    pages   = {29-45}
}

@unpublished{scriptRasch,
  author       = {Prof. Dr. Jochen Rasch}, 
  title        = {Business-Intelligence-Systeme und Datenanalyse},
  note         = {Lecture at the Technische Hochschule Ingolstadt},
  month        = 3,
  year         = 2018
}

@INPROCEEDINGS{surveyDWSArchs,
    author      ={M. {Alsqour} and K. {Matouk} and M. L. {Owoc}},
    booktitle   ={2012 Federated Conference on Computer Science and Information Systems (FedCSIS)},
    title       = {A survey of data warehouse architectures — Preliminary results},
    year        ={2012},
    pages       ={1121-1126}
}

@book{dwsRefArchitecture,
    title     = {Data Warehouse Systeme},
    author    = {A. Bauer, H. Günzel}, 
    publisher = {dpunkt.Verlag},
    year      = 2013,
    address   = {Heidelberg},
    edition   = 3,
    isbn      = {3898647854}
}

@book{buildingTheDWS,
    title     = {Building The Data Warehouse},
    author    = {W.H. Inmon}, 
    publisher = {Wiley Publishing},
    year      = 1996,
    edition   = 2,
    isbn      = {0764599445}
}

@misc{microservices,
    title   = {Interest over time into the topic 'microservices'},
    author  = {Google Trends}, 
    url     = {https://www.google.com/trends}
}

@incollection{sinz,
  author       = {E. J. Sinz, Achim, Ulbrich-vom Ende}, 
  title        = {Architektur von Data-Warehouse-Systemen},
  booktitle    = {Analytische Informationssysteme. Business-Intelligence-Technologien und –Anwendungen. Business-Intelligence-Technologien und –Anwendungen.},
  publisher    = {Springer},
  year         = 2010,
  editor       = {P. Chamoni, P. Gluchowski},
  series       = 4,
  address      = {Berlin}
}
